@patent{patent,
 title={Submitted, subject to approval.},
 author={},
 year={}
}
